@misc{Gartner2019,
author = {Marv Adrian and Donald Feinberg and Henry Cook},
title = {Magic {Q}uadrant for {O}perational {D}atabase {M}anagement {S}ystems},
year = {2019},
howpublished = "\url{https://www.gartner.com/doc/reprints?id=1-4J1NAHG&ct=171023&st=sb}",
note = "[Online; accessed 25-January-2020]"
}

@misc{Burton2002,
author = {Betsy Burton and Steve Prentice},
title = {Gartner {R}esearch {M}odels},
note = {European Symposyium/ITxpo},
year = {2002}
}

@misc{wiki:Gartner,
author = "{Wikipedia contributors}",
title = "Gartner --- {Wikipedia}{,} {T}he {F}ree {E}ncyclopedia",
year = "2020",
howpublished = "\url{https://en.wikipedia.org/w/index.php?title=Gartner&oldid=935020400}",
note = "[Online; accessed 25-January-2020]"
}






